<collection xmlns="http://www.loc.gov/MARC21/slim"><record><leader>00971nam  2200265   450</leader><controlfield tag="001">282</controlfield><controlfield tag="003">http://montalegre.opacnet.com/OPAC/default.aspx?ContentAreaControl=ShowRegHoldings.ascx&amp;RegNo=16662</controlfield><controlfield tag="005">20</controlfield><datafield tag="100" ind1=" " ind2=" "><subfield code="a">20061013d1982    am y0pora010305  ba</subfield></datafield><datafield tag="101" ind1="1" ind2=" "><subfield code="a">por</subfield><subfield code="c">eng</subfield></datafield><datafield tag="102" ind1=" " ind2=" "><subfield code="a">PT</subfield></datafield><datafield tag="200" ind1="1" ind2=" "><subfield code="a">&lt;O &gt;Natal do Sr. Scrooge</subfield><subfield code="a">&lt;Os &gt;sinos de Ano Novo</subfield><subfield code="f">Charles Dickens</subfield><subfield code="g">trad. Lucília Filipe</subfield></datafield><datafield tag="210" ind1=" " ind2=" "><subfield code="a">Mem Martins</subfield><subfield code="c">Europa-América</subfield><subfield code="d">[D.L. 1982]</subfield></datafield><datafield tag="215" ind1=" " ind2=" "><subfield code="a">166 p.</subfield><subfield code="d">18 cm</subfield></datafield><datafield tag="225" ind1="2" ind2=" "><subfield code="a">Livros de bolso Europa-América</subfield><subfield code="v">220</subfield></datafield><datafield tag="304" ind1=" " ind2=" "><subfield code="a">Tít. orig. : A Christmas carol; The chimes</subfield></datafield><datafield tag="517" ind1="1" ind2=" "><subfield code="a">&lt;Os &gt;sinos de Ano Novo</subfield></datafield><datafield tag="532" ind1="1" ind2="2"><subfield code="a">&lt;O &gt;Natal do Senhor Scrooge</subfield></datafield><datafield tag="675" ind1=" " ind2=" "><subfield code="a">821</subfield><subfield code="v">BN</subfield><subfield code="z">por</subfield></datafield><datafield tag="700" ind1=" " ind2="1"><subfield code="a">Dickens</subfield><subfield code="b">CharlesCharles John Huffam</subfield><subfield code="f">1812-1870</subfield></datafield><datafield tag="702" ind1=" " ind2="1"><subfield code="a">Filipe</subfield><subfield code="b">Lucília</subfield><subfield code="4">730</subfield></datafield><datafield tag="801" ind1=" " ind2="0"><subfield code="a">PT</subfield><subfield code="b">Biblioteca Municipal de Montalegre</subfield><subfield code="g">RPC</subfield></datafield><datafield tag="856" ind1=" " ind2=" "><subfield code="u">locateMedia.asp?cod=20060511102023&amp;ext=jpg</subfield><subfield code="z">CAPA</subfield></datafield><datafield tag="909" ind1="&#9;" ind2=" "><subfield code="a">3</subfield></datafield><datafield tag="966" ind1=" " ind2=" "><subfield code="a">0005187</subfield><subfield code="l">BMM</subfield><subfield code="s">SCG 821 DIC nat</subfield></datafield><datafield tag="966" ind1=" " ind2=" "><subfield code="a">0005188</subfield><subfield code="l">BMM</subfield><subfield code="s">SCG 821 DIC nat</subfield></datafield><datafield tag="966" ind1=" " ind2=" "><subfield code="a">1003413</subfield><subfield code="l">BEM</subfield><subfield code="s">BEM 821.1/.8 DIC</subfield></datafield></record></collection>